@article{aikhenvald1999arawak,
  title={The Arawak language family},
  author={Aikhenvald, Alexandra Y and others},
  journal={The amazonian languages},
  pages={65--106},
  year={1999},
  publisher={Cambridge: Cambridge University Press}
}

@article{bouckaert2012mapping,
	title={Mapping the origins and expansion of the Indo-European language family},
	author={Bouckaert, Remco and Lemey, Philippe and Dunn, Michael and Greenhill, Simon J and Alekseyenko, Alexander V and Drummond, Alexei J and Gray, Russell D and Suchard, Marc A and Atkinson, Quentin D},
	journal={Science},
	volume={337},
	number={6097},
	pages={957--960},
	year={2012},
	publisher={American Association for the Advancement of Science}
}

@article{mohammadi2comparative,
	title={A Comparative Study of Phonological System of Kurdish Varieties},
	author={Mohammadi, Hiwa Asadpour1\&Maryam},
	journal={Journal of Language and Cultural Education},
	volume={2},
	pages={3}
}

@article{Nikolaev2015database,
	title={The database of Eurasian phonological inventoriess. (Available online at http://eurasianphonology.info ; accessed on August 25, 2017)},
	author={Nikolaev, Dmitry; Andrey Nikulin; and Anton Kukhto. 2015}
}
@article{cha2007comprehensive,
	title={Comprehensive survey on distance/similarity measures between probability density functions},
	author={Cha, Sung-Hyuk},
	journal={City},
	volume={1},
	number={2},
	pages={1},
	year={2007}
}
@inproceedings{davis2007information,
	title={Information-theoretic metric learning},
	author={Davis, Jason V and Kulis, Brian and Jain, Prateek and Sra, Suvrit and Dhillon, Inderjit S},
	booktitle={Proceedings of the 24th international conference on Machine learning},
	pages={209--216},
	year={2007},
	organization={ACM}
}
@inproceedings{shental2002adjustment,
	title={Adjustment learning and relevant component analysis},
	author={Shental, Noam and Hertz, Tomer and Weinshall, Daphna and Pavel, Misha},
	booktitle={European Conference on Computer Vision},
	pages={776--790},
	year={2002},
	organization={Springer}
}
@book{macklin2015high,
	title={High-Definition Phonotactics Reflect Linguistic Pasts},
	author={Macklin-Cordes, Jayden L and Round, Erich R},
	year={2015},
	publisher={Universit{\"a}tsbibliothek T{\"u}bingen}
}
@article{choi2010survey,
	title={A survey of binary similarity and distance measures},
	author={Choi, Seung-Seok and Cha, Sung-Hyuk and Tappert, Charles C},
	journal={Journal of Systemics, Cybernetics and Informatics},
	volume={8},
	number={1},
	pages={43--48},
	year={2010}
}
@article{patnaik2016divisive,
	title={Divisive Analysis (DIANA) of hierarchical clustering and GPS data for level of service criteria of urban streets},
	author={Patnaik, Ashish Kumar and Bhuyan, Prasanta Kumar and Rao, KV Krishna},
	journal={Alexandria Engineering Journal},
	volume={55},
	number={1},
	pages={407--418},
	year={2016},
	publisher={Elsevier}
}
@article{frey2007clustering,
	title={Clustering by passing messages between data points},
	author={Frey, Brendan J and Dueck, Delbert},
	journal={science},
	volume={315},
	number={5814},
	pages={972--976},
	year={2007},
	publisher={American Association for the Advancement of Science}
}